/home/csfnf/work/references/biblio.bib